<?xml version="1.0" encoding="UTF-8"?><record xmlns="http://www.loc.gov/MARC21/slim" xmlns:cinclude="http://apache.org/cocoon/include/1.0" xmlns:zs="http://www.loc.gov/zing/srw/">
  <leader>00511nz  a2200145n  4500</leader>
  <controlfield tag="001">no2009055725</controlfield>
  <controlfield tag="003">DLC</controlfield>
  <controlfield tag="005">20090411075552.0</controlfield>
  <controlfield tag="008">090409n| acannaabn          |n aaa     c</controlfield>
  <datafield tag="010" ind1=" " ind2=" ">
    <subfield code="a">no2009055725</subfield>
  </datafield>
  <datafield tag="035" ind1=" " ind2=" ">
    <subfield code="a">(OCoLC)oca08073047</subfield>
  </datafield>
  <datafield tag="040" ind1=" " ind2=" ">
    <subfield code="a">NcGrE-Mu</subfield>
    <subfield code="b">eng</subfield>
    <subfield code="c">NcGrE-Mu</subfield>
  </datafield>
  <datafield tag="100" ind1="1" ind2=" ">
    <subfield code="a">Horn, Sundae</subfield>
  </datafield>
  <datafield tag="670" ind1=" " ind2=" ">
    <subfield code="a">Horn, S. Home is an island [SR] 2004:</subfield>
    <subfield code="b">program notes (Sundae Horn, vocals)</subfield>
  </datafield>
  <datafield tag="670" ind1=" " ind2=" ">
    <subfield code="a">Soundside Records WWW site, Mar. 31, 2009</subfield>
    <subfield code="b">(Sundae Horn; vocalist; writer for Ocracoker and her own newsletter Ex Libris)</subfield>
  </datafield>
</record>